
@book{joyanes_aguilar_fundamentos_2008,
	address = {Aravaca},
	title = {Fundamentos de programación},
	isbn = {9788448161118},
	language = {Spanish},
	publisher = {McGraw-Hill Interamericana de España},
	author = {Joyanes Aguilar, Luis},
	year = {2008},
	note = {OCLC: 264364096}
}